@article{example_article,
	author       = {Doe, John and Smith, Jane},
	title        = {An Example Article},
	journal      = {Journal of Examples},
	year         = {2024},
	volume       = {42},
	number       = {3},
	pages        = {1--10},
	month        = {May},
	note         = {Special issue on examples},
	doi          = {10.1234/example.doi},
	url          = {http://example.com/article}
}